@inproceedings{1995_king_graphs,
  title={Structuring depth-first search algorithms in Haskell},
  author={King, David J and Launchbury, John},
  booktitle={Proceedings of the 22nd ACM SIGPLAN-SIGACT symposium on Principles of programming languages},
  pages={344--354},
  year={1995},
  organization={ACM}
}

@article{2001_erwig_inductive,
  title={Inductive graphs and functional graph algorithms},
  author={Erwig, Martin},
  journal={Journal of Functional Programming},
  volume={11},
  number={05},
  pages={467--492},
  year={2001},
  publisher={Cambridge Univ Press}
}
